%YAML 1.1
%TAG !u! tag:unity3d.com,2011:
--- !u!1 &5030396141724487458
GameObject:
  m_ObjectHideFlags: 0
  m_CorrespondingSourceObject: {fileID: 0}
  m_PrefabInstance: {fileID: 0}
  m_PrefabAsset: {fileID: 0}
  serializedVersion: 6
  m_Component:
  - component: {fileID: 5030396141724487457}
  - component: {fileID: 5030396141724487456}
  - component: {fileID: 4304181294638861853}
  - component: {fileID: 3379666590037218944}
  - component: {fileID: 5720797789035928462}
  m_Layer: 9
  m_Name: P_C4
  m_TagString: Untagged
  m_Icon: {fileID: 0}
  m_NavMeshLayer: 0
  m_StaticEditorFlags: 0
  m_IsActive: 1
--- !u!4 &5030396141724487457
Transform:
  m_ObjectHideFlags: 0
  m_CorrespondingSourceObject: {fileID: 0}
  m_PrefabInstance: {fileID: 0}
  m_PrefabAsset: {fileID: 0}
  m_GameObject: {fileID: 5030396141724487458}
  m_LocalRotation: {x: 0, y: 0, z: 0, w: 1}
  m_LocalPosition: {x: -3.88, y: 4.602, z: 0}
  m_LocalScale: {x: 1, y: 1, z: 1}
  m_ConstrainProportionsScale: 0
  m_Children:
  - {fileID: 158571080377238475}
  m_Father: {fileID: 0}
  m_RootOrder: 0
  m_LocalEulerAnglesHint: {x: 0, y: 0, z: 0}
--- !u!54 &5030396141724487456
Rigidbody:
  m_ObjectHideFlags: 0
  m_CorrespondingSourceObject: {fileID: 0}
  m_PrefabInstance: {fileID: 0}
  m_PrefabAsset: {fileID: 0}
  m_GameObject: {fileID: 5030396141724487458}
  serializedVersion: 2
  m_Mass: 15
  m_Drag: 0
  m_AngularDrag: 0.05
  m_UseGravity: 1
  m_IsKinematic: 0
  m_Interpolate: 0
  m_Constraints: 0
  m_CollisionDetection: 1
--- !u!114 &4304181294638861853
MonoBehaviour:
  m_ObjectHideFlags: 0
  m_CorrespondingSourceObject: {fileID: 0}
  m_PrefabInstance: {fileID: 0}
  m_PrefabAsset: {fileID: 0}
  m_GameObject: {fileID: 5030396141724487458}
  m_Enabled: 1
  m_EditorHideFlags: 0
  m_Script: {fileID: 11500000, guid: bd630bc59fbd6ab439d2c2092b493463, type: 3}
  m_Name: 
  m_EditorClassIdentifier: 
  charID: -1
  speed: 80
  detectionRadius: 0
  whatIsPlayer:
    serializedVersion: 2
    m_Bits: 0
  whatIsWall:
    serializedVersion: 2
    m_Bits: 64
  timeToLive:
    cooldownAmount: 30
    m_cooldownComplete: 0
  damaging: 1
  throwable: 1
  counterable: 0
  nextPartID: 15
  knockBackStr: 0
  rb: {fileID: 5030396141724487456}
--- !u!65 &3379666590037218944
BoxCollider:
  m_ObjectHideFlags: 0
  m_CorrespondingSourceObject: {fileID: 0}
  m_PrefabInstance: {fileID: 0}
  m_PrefabAsset: {fileID: 0}
  m_GameObject: {fileID: 5030396141724487458}
  m_Material: {fileID: 0}
  m_IsTrigger: 0
  m_Enabled: 1
  serializedVersion: 2
  m_Size: {x: 0.3, y: 0.3, z: 0.3}
  m_Center: {x: 0, y: 0, z: 0}
--- !u!82 &5720797789035928462
AudioSource:
  m_ObjectHideFlags: 0
  m_CorrespondingSourceObject: {fileID: 0}
  m_PrefabInstance: {fileID: 0}
  m_PrefabAsset: {fileID: 0}
  m_GameObject: {fileID: 5030396141724487458}
  m_Enabled: 1
  serializedVersion: 4
  OutputAudioMixerGroup: {fileID: 24300002, guid: d569eae394036c0479f423cbe8d69644, type: 2}
  m_audioClip: {fileID: 8300000, guid: 915a50b11bda811428bad8f4f708561f, type: 3}
  m_PlayOnAwake: 0
  m_Volume: 1
  m_Pitch: 1
  Loop: 0
  Mute: 0
  Spatialize: 0
  SpatializePostEffects: 0
  Priority: 128
  DopplerLevel: 1
  MinDistance: 1
  MaxDistance: 500
  Pan2D: 0
  rolloffMode: 0
  BypassEffects: 0
  BypassListenerEffects: 0
  BypassReverbZones: 0
  rolloffCustomCurve:
    serializedVersion: 2
    m_Curve:
    - serializedVersion: 3
      time: 0
      value: 1
      inSlope: 0
      outSlope: 0
      tangentMode: 0
      weightedMode: 0
      inWeight: 0.33333334
      outWeight: 0.33333334
    - serializedVersion: 3
      time: 1
      value: 0
      inSlope: 0
      outSlope: 0
      tangentMode: 0
      weightedMode: 0
      inWeight: 0.33333334
      outWeight: 0.33333334
    m_PreInfinity: 2
    m_PostInfinity: 2
    m_RotationOrder: 4
  panLevelCustomCurve:
    serializedVersion: 2
    m_Curve:
    - serializedVersion: 3
      time: 0
      value: 0
      inSlope: 0
      outSlope: 0
      tangentMode: 0
      weightedMode: 0
      inWeight: 0.33333334
      outWeight: 0.33333334
    m_PreInfinity: 2
    m_PostInfinity: 2
    m_RotationOrder: 4
  spreadCustomCurve:
    serializedVersion: 2
    m_Curve:
    - serializedVersion: 3
      time: 0
      value: 0
      inSlope: 0
      outSlope: 0
      tangentMode: 0
      weightedMode: 0
      inWeight: 0.33333334
      outWeight: 0.33333334
    m_PreInfinity: 2
    m_PostInfinity: 2
    m_RotationOrder: 4
  reverbZoneMixCustomCurve:
    serializedVersion: 2
    m_Curve:
    - serializedVersion: 3
      time: 0
      value: 1
      inSlope: 0
      outSlope: 0
      tangentMode: 0
      weightedMode: 0
      inWeight: 0.33333334
      outWeight: 0.33333334
    m_PreInfinity: 2
    m_PostInfinity: 2
    m_RotationOrder: 4
--- !u!1001 &412610377595249696
PrefabInstance:
  m_ObjectHideFlags: 0
  serializedVersion: 2
  m_Modification:
    m_TransformParent: {fileID: 5030396141724487457}
    m_Modifications:
    - target: {fileID: -8679921383154817045, guid: 12fd39a05c78238419a81c2e29394ca1, type: 3}
      propertyPath: m_RootOrder
      value: 0
      objectReference: {fileID: 0}
    - target: {fileID: -8679921383154817045, guid: 12fd39a05c78238419a81c2e29394ca1, type: 3}
      propertyPath: m_LocalScale.x
      value: 2.5
      objectReference: {fileID: 0}
    - target: {fileID: -8679921383154817045, guid: 12fd39a05c78238419a81c2e29394ca1, type: 3}
      propertyPath: m_LocalScale.y
      value: 2.5
      objectReference: {fileID: 0}
    - target: {fileID: -8679921383154817045, guid: 12fd39a05c78238419a81c2e29394ca1, type: 3}
      propertyPath: m_LocalScale.z
      value: 2.5
      objectReference: {fileID: 0}
    - target: {fileID: -8679921383154817045, guid: 12fd39a05c78238419a81c2e29394ca1, type: 3}
      propertyPath: m_LocalPosition.x
      value: -0
      objectReference: {fileID: 0}
    - target: {fileID: -8679921383154817045, guid: 12fd39a05c78238419a81c2e29394ca1, type: 3}
      propertyPath: m_LocalPosition.y
      value: 0
      objectReference: {fileID: 0}
    - target: {fileID: -8679921383154817045, guid: 12fd39a05c78238419a81c2e29394ca1, type: 3}
      propertyPath: m_LocalPosition.z
      value: 0
      objectReference: {fileID: 0}
    - target: {fileID: -8679921383154817045, guid: 12fd39a05c78238419a81c2e29394ca1, type: 3}
      propertyPath: m_LocalRotation.w
      value: 1
      objectReference: {fileID: 0}
    - target: {fileID: -8679921383154817045, guid: 12fd39a05c78238419a81c2e29394ca1, type: 3}
      propertyPath: m_LocalRotation.x
      value: 0
      objectReference: {fileID: 0}
    - target: {fileID: -8679921383154817045, guid: 12fd39a05c78238419a81c2e29394ca1, type: 3}
      propertyPath: m_LocalRotation.y
      value: -0
      objectReference: {fileID: 0}
    - target: {fileID: -8679921383154817045, guid: 12fd39a05c78238419a81c2e29394ca1, type: 3}
      propertyPath: m_LocalRotation.z
      value: -0
      objectReference: {fileID: 0}
    - target: {fileID: -8679921383154817045, guid: 12fd39a05c78238419a81c2e29394ca1, type: 3}
      propertyPath: m_LocalEulerAnglesHint.x
      value: 0
      objectReference: {fileID: 0}
    - target: {fileID: -8679921383154817045, guid: 12fd39a05c78238419a81c2e29394ca1, type: 3}
      propertyPath: m_LocalEulerAnglesHint.y
      value: 0
      objectReference: {fileID: 0}
    - target: {fileID: -8679921383154817045, guid: 12fd39a05c78238419a81c2e29394ca1, type: 3}
      propertyPath: m_LocalEulerAnglesHint.z
      value: 0
      objectReference: {fileID: 0}
    - target: {fileID: -7511558181221131132, guid: 12fd39a05c78238419a81c2e29394ca1, type: 3}
      propertyPath: m_Materials.Array.data[0]
      value: 
      objectReference: {fileID: 2100000, guid: 27144b464d0c54844a04dc806f795f57, type: 2}
    - target: {fileID: 919132149155446097, guid: 12fd39a05c78238419a81c2e29394ca1, type: 3}
      propertyPath: m_Name
      value: M_C4
      objectReference: {fileID: 0}
    m_RemovedComponents: []
  m_SourcePrefab: {fileID: 100100000, guid: 12fd39a05c78238419a81c2e29394ca1, type: 3}
--- !u!4 &158571080377238475 stripped
Transform:
  m_CorrespondingSourceObject: {fileID: -8679921383154817045, guid: 12fd39a05c78238419a81c2e29394ca1, type: 3}
  m_PrefabInstance: {fileID: 412610377595249696}
  m_PrefabAsset: {fileID: 0}
